%
@ARTICLE{colegrove1966,
  AUTHOR =       {F.D. Colegrove},
  TITLE =        {Atmospheric Composition in the Lower Thermosphere},
  JOURNAL =      {J. Geophys. Res.},
  YEAR =         {1966},
  volume =       {71},
  pages =        {2227},
}

@ARTICLE{dickinson1981,
 author={R.E. Dickinson and E.C. Ridley and R.G. Roble},
 title={A 3-dimensional general-circulation model of the thermosphere},
 journal={J. Geophys. Res.},
 volume={86},
 year={1981},
 pages={1499},
}

@ARTICLE{dickinson1984,
 author={R.E. Dickinson and E.C. Ridley and R.G. Roble},
 title={Thermospheric General Circulation with Coupled Dynamics and Composition},
 journal={J. of Atmospheric Sciences},
 volume={41},
 number ={2},
 year={1984},
 pages={205},
}

@ARTICLE{heelis1982,
 author={R.A. Heelis and J.K.Lowell and R.W.Spiro},
 title={A model of the high-latitude ionsophere convection pattern},
 journal={J. Geophys. Res.},
 volume={87},
 year={1982},
 pages={6339},
}

@ARTICLE{peym93,
 author={C. Peymirat and A.D. Richmond},
 title={Modeling the ion loss and the generation of region 2 field--aligned
currents via equivalent magnetospheric conductances},
 journal={J. Geophy. Res},
 volume={98},
 year={1993},
 pages={15,467},
}

@BOOK{pielke1984,
 author={R.A. Pielke},
 title={Mesoscale Metrological Modeling},
 publisher={Academic Press, Orlando Florida},
 year={1984},
}

@ARTICLE{Richmond80,
 author={A.D. Richmond and M. Blanc and B.A. Emery and R.H. Wand and B.G. Fejer
         and R.F. Woodman and S. Ganguly and P. Amayenc and R.A. Behnke and
         C. Calderon and J.V. Evans},
 title={An empirical model of quiet-day ionospheric electric fields at
        middle and low latitudes},
 journal={J. Geophy. Res},
 volume={85},
 year={1980},
 pages={4658},
}

@ARTICLE{Richmond95,
 author={A.D. Richmond},
 title={Ionospheric Electrodynamics using Magnetic Apex Coordinates},
 journal={J. Geomag. Geoelectric.},
 volume={47},
 year={1995},
 pages={191},
}

@ARTICLE{rich95,
 author={A.D. Richmond},
 title={Ionospheric Electrodynamics using Magnetic Apex Coordinates},
 journal={J. Geomag. Geoelectric.},
 volume={47},
 year={1995},
 pages={191},
}

@ARTICLE{rich74,
 author={A.D. Richmond},
 title={The computation of magnetic effects of field-aligned
  magnetospheric currents},
 journal={J. Atmos. Terr. Phys.},
 volume={36},
 year={1974},
 pages={245},
}

@ARTICLE{roble1995,
  AUTHOR =       {R.G. Roble},
  TITLE =        {Energetics of the Mesosphere and Thermosphere},
  JOURNAL =      {Monograph 87, AGU},
  YEAR =         {1995},
}

@ARTICLE{roble1987,
  AUTHOR =       {R.G. Roble and E.C. Ridley},
  TITLE =        {An auroral Model for the NCAR Thermospheric General Circulation Model},
  JOURNAL =      {Annales Geophysicae},
  YEAR =         {1987},
  volume =       {5a},
  number =       {6},
  pages =        {369},
}

@UNPUBLISHED{Scherliess02,
 author={L. Scherliess and A.D. Richmond and B.G. Fejer},
 title={Global Empirical Ionospheric Electric Field Model},
 note={draft, Center for Atmospheric and Space Science,
       Utah State University, Logan},
 year={2002},
}

@ARTICLE{shapiro1970,
  AUTHOR =       {R. Shapiro},
  TITLE =        {Smoothing, filtering, and boundary effects},
  JOURNAL =      {Rev. Geophys. Space Phys.},
  YEAR =         {1970},
  number =       {8},
  pages =        {359},
}

@BOOK{Schunk00,
 author={R.W. Schunk and A.F. Nagy},
 title={Ionospheres: Physics, Plasma Physics, and Chemistry},
 publisher={Cambridge, University Press},
 year={2000},
}

@ARTICLE{tag1979,
 author={P.M. Tag and F.W. Murray and L.R. Kvenig},
 title={A comparison of several forms of eddy viscosity paramterization in the
 two-dimensional cloud model},
 journal={J. Appl. Meteorol},
 volume={18},
 year={1979},
 pages={1429},
}

@mastersthesis{wang1998,
  author =	 "W.Wang",
  title =	 "A thermosphere-ionosphere nested Grid (TING) model",
  school =	 "University of Michigan",
  year =	 "1998"
}


@ARTICLE{Weimer95,
 author={D.R. Weimer},
 title={Models of high-latitude electric potentials
        derived with the least error fit of spherical harmonic coefficients},
 journal={J. Geophy. Res},
 volume={100},
 year={1995},
 pages={19,595},
}

@ARTICLE{Weimer2001,
 author={D.R. Weimer},
 title={An improved model of ionospheric electric potentials including
   substorm perturbations and application to the Geospace Environment
   Modeling November 24, 1996 event},
 journal={J. Geophy. Res},
 volume={106},
 year={2001},
 pages={407-416},
}

@ARTICLE{Weimer2005,
 author={D.R. Weimer},
 title={Improved ionospheric electrodynamic models and application to
	calculating Joule heating rates},
 journal={J. Geophy. Res},
 volume={110},
 year={2005},
 pages={doi: 10.1029/2004JA010884},
}

@ARTICLE{zhang2008,
 author={Y. Zhang and L.J. Paxton},
 title={An empirical Kp-dependent global auroral model based on TIMED/GUVI FUV
 data},
 journal={J. Atmos. Terr. Phys. },
 volume={70},
 year={2008},
 pages={1231},
}

@ARTICLE{Emery2008,
 author={B.A. EMERY et al.},
 title={Seasonal, Kp, solar wind, and solar flux variations in long-term
   single-pass satellite estimates of electron and ion auroral hemispheric power},
 journal={J. Geophy. Res},
 volume={113},
 year={2008},
 pages={doi: 10.1029/2007JA012866},
}

@ARTICLE{Heelis1980,
 author={R.A. Heelis and J.D. Winningham and W.B. Hanson and J. L. Burch},
 title={The relationships between high-latitude convection reversals and
	the energetic particle morphology observed by Atmosphere Explorer},
 journal={J. Geophys. Res.},
 volume={85},
 year={1980},
 pages={3315-3324},
}
